% Encoding: UTF-8

@Book{book:douglas,
  author = {Douglas Self},
  title  = {Small Signal Audio Design},
  year   = {2009},
}

@Comment{jabref-meta: databaseType:biblatex;}
