% Encoding: UTF-8

@Misc{stm32-ssd1306,
  author       = {Aleksander Alekseev},
  title        = {stm32-ssd1306, STM32 library for working with OLEDs based on SSD1306},
  year         = {2018},
  date         = {2018-03-17},
  howpublished = {Online},
  url          = {https://github.com/afiskon/stm32-ssd1306},
  urldate      = {2019-11-13},
}

@Misc{AN3156,
  author       = {{STMicroelectronics}},
  title        = {AN3156 USB DFU protocol used in the STM32 bootloader},
  year         = {2019},
  howpublished = {Online},
  url          = {https://www.st.com/content/ccc/resource/technical/document/application_note/6a/17/92/02/58/98/45/0c/CD00264379.pdf/files/CD00264379.pdf/jcr:content/translations/en.CD00264379.pdf},
  urldate      = {2019-11-13},
}

@Misc{AN2606,
  author       = {{STMicroelectronics}},
  title        = {AN2606 STM32 microcontroller system memory boot mode},
  year         = {2019},
  howpublished = {Online},
  url          = {https://www.st.com/content/ccc/resource/technical/document/application_note/b9/9b/16/3a/12/1e/40/0c/CD00167594.pdf/files/CD00167594.pdf/jcr:content/translations/en.CD00167594.pdf},
  urldate      = {2019-11-13},
}

@Misc{AN4309,
  author       = {{STMicroelectronics}},
  title        = {AN4309 Interfacing an STM32L1xx microcontroller with an external I2S audio codec to play audio files},
  year         = {2019},
  howpublished = {Online},
  url          = {https://www.st.com/content/ccc/resource/technical/document/application_note/b9/9b/16/3a/12/1e/40/0c/CD00167594.pdf/files/CD00167594.pdf/jcr:content/translations/en.CD00167594.pdf},
  urldate      = {2019-11-13},
}

@Misc{RM0402,
  author       = {{STMicroelectronics}},
  title        = {RM0402 Reference manual STM32F412 advanced Arm®-based 32-bit MCUs},
  year         = {2019},
  howpublished = {Online},
  url          = {https://www.st.com/content/ccc/resource/technical/document/reference_manual/group0/4f/7b/2b/bd/04/b3/49/25/DM00180369/files/DM00180369.pdf/jcr:content/translations/en.DM00180369.pdf},
  urldate      = {2019-11-13},
}

@Misc{STM32f412,
  author       = {{STMicroelectronics}},
  title        = {STM32F412xE STM32F412xG Datasheet - production data},
  year         = {2017},
  howpublished = {Online},
  url          = {https://www.st.com/resource/en/datasheet/stm32f412ce.pdf},
  urldate      = {2019-11-13},
}

@Misc{bq2409x,
  author       = {{Texas Instruments}},
  title        = {bq2409x 1A, Single-Input, Single Cell Li-Ion and Li-Pol Battery Charger},
  year         = {2019},
  howpublished = {Online},
  url          = {https://www.ti.com/lit/ds/symlink/bq24090.pdf},
  urldate      = {2019-11-13},
}

@Misc{tlv320,
  author       = {{Texas Instruments}},
  title        = {TLV320AIC23B Stereo Audio Codec},
  year         = {2004},
  howpublished = {Online},
  url          = {https://www.ti.com/lit/ds/symlink/tlv320aic23b.pdf},
  urldate      = {2019-11-13},
}

@Misc{tlv733p,
  author       = {{Texas Instruments}},
  title        = {TLV733P Capacitor-Free, 300-mA, Low-Dropout Regulator},
  year         = {2019},
  howpublished = {Online},
  url          = {https://www.ti.com/lit/ds/symlink/tlv733p.pdf},
  urldate      = {2019-11-13},
}

@Misc{max4762,
  author       = {{Maxim Integrated}},
  title        = {MAX4762–MAX4764/ Low-Voltage, Dual SPDT, Audio Clickless Switches with Negative Rail Capability},
  year         = {2006},
  howpublished = {Online},
  url          = {https://datasheets.maximintegrated.com/en/ds/MAX4762-MAX4765.pdf},
  urldate      = {2019-11-13},
}

@Misc{usb-fuse,
  author       = {{Bourns}},
  title        = {MF-MSMF Series - PTC Resettable Fuses},
  year         = {2018},
  howpublished = {Online},
  url          = {https://www.bourns.com/docs/Product-Datasheets/mfmsmf.pdf},
  urldate      = {2019-11-13},
}

@Misc{enable-cmsis-dsp-lib,
  author       = {Tilen Majerle},
  title        = {Enable DSP library in Keil uVision},
  year         = {2014},
  howpublished = {Online},
  url          = {http://stm32f4-discovery.net/2014/10/stm32f4-fft-example/fft-enable-dsp-library-keil/},
  urldate      = {2019-11-29},
}

@Misc{cmsis-doc-keil,
  author       = {{ARM Limited}},
  title        = {CMSIS DSP Software Library 1.7.0},
  year         = {},
  howpublished = {Online},
  url          = {http://www.keil.com/pack/doc/CMSIS/DSP/html/index.html},
  urldate      = {2019-12-04},
}

@Misc{cmsis-doc-arm,
  author       = {{ARM Limited}},
  title        = {CMSIS DSP Software Library Version 1.7.0},
  year         = {},
  howpublished = {Online},
  url          = {https://arm-software.github.io/CMSIS_5/DSP/html/index.html},
  urldate      = {2019-12-04},
}

@Misc{FIR-Windowing,
  author       = {Dr. Andrew Greensted},
  title        = {FIR Filters by Windowing},
  date         = {2010-05-04},
  howpublished = {Online},
  url          = {http://www.labbookpages.co.uk/audio/firWindowing.html},
  urldate      = {2019-12-08},
}

@Book{book:douglas,
  author = {Douglas Self},
  title  = {Small Signal Audio Design},
  year   = {2009},
}

@Misc{ARM-Performance-Whitepaper,
  author       = {{ARM Limited}},
  title        = {The DSP capabilities of ARM® Cortex®-M4 and Cortex-M7 Processors},
  year         = {2016},
  howpublished = {Online},
  url          = {https://community.arm.com/developer/ip-products/processors/b/processors-ip-blog/posts/white-paper-dsp-capabilities-of-cortex-m4-and-cortex-m7},
  urldate      = {2019-12-10},
}

@Misc{STM32-Download-CubeMX,
  author       = {{STMicroelectronics}},
  title        = {STM32Cube initialization code generator},
  year         = {2019},
  howpublished = {Online},
  url          = {https://www.st.com/en/development-tools/stm32cubemx.html},
  urldate      = {2019-12-14},
}

@Misc{STM32-Download-DFUSE,
  author       = {{STMicroelectronics}},
  title        = {DfuSe USB device firmware upgrade STMicroelectronics extension},
  year         = {2019},
  howpublished = {Online},
  url          = {https://www.st.com/en/development-tools/stsw-stm32080.html},
  urldate      = {2019-12-14},
}

@Misc{Keil-install-guide,
  author       = {{Arm Limited}},
  title        = {ARM Keil Getting Started},
  year         = {},
  howpublished = {Online},
  url          = {http://www2.keil.com/mdk5/install/},
  urldate      = {2019-12-14},
}

@Misc{Keil-Download,
  author       = {{Arm Limited}},
  title        = {MDK-ARM Product Downloads},
  year         = {},
  howpublished = {Online},
  url          = {https://www.keil.com/demo/eval/arm.htm},
  urldate      = {2019-12-14},
}

@Misc{ARM-M4-FPU-reference,
  author       = {{Arm Limited}},
  title        = {Cortex-M4 Technical Reference Manual - 7.2.3. FPU instruction set},
  year         = {2009},
  howpublished = {Online},
  url          = {http://infocenter.arm.com/help/index.jsp?topic=/com.arm.doc.ddi0439b/BEHJADED.html},
  urldate      = {2019-12-15},
}

@Comment{jabref-meta: databaseType:bibtex;}
